UNH+1+PAYMUL:D:96A:UN'
BGM+452+B30++AF2'
DTM+137:19990414:102'
LIN+1'
DTM+203:19990415:102'
RFF+CR2:B30-1#19990414164857'
RFF+AXX:Payment 2'
BUS++DO'
MOA+9:102:DKK'
FII+OR+3258186214'
SEQ++1'
MOA+9:102:DKK'
RFF+CR3:End-to-end reference'
RFF+CR: RF960000000160066247'
PAI+::IBB:::UUA'
FII+BF+36273258186230'
NAD+5+++Alternative sender name+Street name+Frederiksberg++2000'
UNT+18+1'