UNH+335229+CREMUL:D:96A:UN'
BGM+X1+19990324084128000'
DTM+137:19990324:102'
LIN+1'
DTM+202:19990302:102'
DTM+209:19990302:102'
BUS++DO++IBB'
MOA+60:29018,57:DKK'
RFF+ACK:0000000994'
FII+BF+3258186214'
SEQ++1'
FII+BF'
RFF+CR:Vision Corporation'
MOA+98:29018,57:DKK'
NAD+OY+8-1329:KUN++Vision Corporation:Havnegade 17:6700 Esbjerg'
PRC+11'
FTX+PMD+++VISION CORPORATION PAYMENT OF?: OUR ACCOUNT?: 8-1329:F52762 F54330 F54331 F54563 F54564 F54770 F55023 F55304:F55551 F55552 F55829 F55830 F56421 F56422 F56664 F56665 F56921 F57191 F57517 F57518 F57519 F57520 F57807 F57805 K57805 F58122 F58124 F58371 F58632 F58633 F58634 F38635'
GEI+37'
UNT+18+335229'